%YAML 1.1
%TAG !u! tag:unity3d.com,2011:
--- !u!1 &100158
GameObject:
  m_ObjectHideFlags: 1
  m_PrefabParentObject: {fileID: 0}
  m_PrefabInternal: {fileID: 100100000}
  serializedVersion: 4
  m_Component:
  - 4: {fileID: 431378}
  m_Layer: 0
  m_Name: Bone.001
  m_TagString: Untagged
  m_Icon: {fileID: 0}
  m_NavMeshLayer: 0
  m_StaticEditorFlags: 0
  m_IsActive: 1
--- !u!1 &104338
GameObject:
  m_ObjectHideFlags: 1
  m_PrefabParentObject: {fileID: 0}
  m_PrefabInternal: {fileID: 100100000}
  serializedVersion: 4
  m_Component:
  - 4: {fileID: 484096}
  m_Layer: 0
  m_Name: Bone.008
  m_TagString: Untagged
  m_Icon: {fileID: 0}
  m_NavMeshLayer: 0
  m_StaticEditorFlags: 0
  m_IsActive: 1
--- !u!1 &110070
GameObject:
  m_ObjectHideFlags: 1
  m_PrefabParentObject: {fileID: 0}
  m_PrefabInternal: {fileID: 100100000}
  serializedVersion: 4
  m_Component:
  - 4: {fileID: 403160}
  m_Layer: 0
  m_Name: Bone.009
  m_TagString: Untagged
  m_Icon: {fileID: 0}
  m_NavMeshLayer: 0
  m_StaticEditorFlags: 0
  m_IsActive: 1
--- !u!1 &113692
GameObject:
  m_ObjectHideFlags: 1
  m_PrefabParentObject: {fileID: 0}
  m_PrefabInternal: {fileID: 100100000}
  serializedVersion: 4
  m_Component:
  - 4: {fileID: 435140}
  m_Layer: 0
  m_Name: Bone
  m_TagString: Untagged
  m_Icon: {fileID: 0}
  m_NavMeshLayer: 0
  m_StaticEditorFlags: 0
  m_IsActive: 1
--- !u!1 &116754
GameObject:
  m_ObjectHideFlags: 1
  m_PrefabParentObject: {fileID: 0}
  m_PrefabInternal: {fileID: 100100000}
  serializedVersion: 4
  m_Component:
  - 4: {fileID: 412720}
  m_Layer: 0
  m_Name: Bone.011
  m_TagString: Untagged
  m_Icon: {fileID: 0}
  m_NavMeshLayer: 0
  m_StaticEditorFlags: 0
  m_IsActive: 1
--- !u!1 &120188
GameObject:
  m_ObjectHideFlags: 0
  m_PrefabParentObject: {fileID: 0}
  m_PrefabInternal: {fileID: 100100000}
  serializedVersion: 4
  m_Component:
  - 4: {fileID: 456834}
  - 95: {fileID: 9586132}
  - 65: {fileID: 6547198}
  - 65: {fileID: 6565456}
  - 65: {fileID: 6547614}
  - 65: {fileID: 6535938}
  - 65: {fileID: 6583440}
  - 114: {fileID: 11400070}
  - 114: {fileID: 11436738}
  - 114: {fileID: 11446092}
  m_Layer: 0
  m_Name: TransitionGate
  m_TagString: Untagged
  m_Icon: {fileID: 0}
  m_NavMeshLayer: 0
  m_StaticEditorFlags: 0
  m_IsActive: 1
--- !u!1 &130674
GameObject:
  m_ObjectHideFlags: 1
  m_PrefabParentObject: {fileID: 0}
  m_PrefabInternal: {fileID: 100100000}
  serializedVersion: 4
  m_Component:
  - 4: {fileID: 410486}
  m_Layer: 0
  m_Name: Bone.004
  m_TagString: Untagged
  m_Icon: {fileID: 0}
  m_NavMeshLayer: 0
  m_StaticEditorFlags: 0
  m_IsActive: 1
--- !u!1 &137634
GameObject:
  m_ObjectHideFlags: 1
  m_PrefabParentObject: {fileID: 0}
  m_PrefabInternal: {fileID: 100100000}
  serializedVersion: 4
  m_Component:
  - 4: {fileID: 490794}
  m_Layer: 0
  m_Name: Bone.010
  m_TagString: Untagged
  m_Icon: {fileID: 0}
  m_NavMeshLayer: 0
  m_StaticEditorFlags: 0
  m_IsActive: 1
--- !u!1 &145374
GameObject:
  m_ObjectHideFlags: 0
  m_PrefabParentObject: {fileID: 0}
  m_PrefabInternal: {fileID: 100100000}
  serializedVersion: 4
  m_Component:
  - 4: {fileID: 434520}
  - 137: {fileID: 13712278}
  m_Layer: 0
  m_Name: Plane.006
  m_TagString: Untagged
  m_Icon: {fileID: 0}
  m_NavMeshLayer: 0
  m_StaticEditorFlags: 0
  m_IsActive: 1
--- !u!1 &149684
GameObject:
  m_ObjectHideFlags: 1
  m_PrefabParentObject: {fileID: 0}
  m_PrefabInternal: {fileID: 100100000}
  serializedVersion: 4
  m_Component:
  - 4: {fileID: 490982}
  m_Layer: 0
  m_Name: Bone.007
  m_TagString: Untagged
  m_Icon: {fileID: 0}
  m_NavMeshLayer: 0
  m_StaticEditorFlags: 0
  m_IsActive: 1
--- !u!1 &163068
GameObject:
  m_ObjectHideFlags: 1
  m_PrefabParentObject: {fileID: 0}
  m_PrefabInternal: {fileID: 100100000}
  serializedVersion: 4
  m_Component:
  - 4: {fileID: 452784}
  m_Layer: 0
  m_Name: Bone.003
  m_TagString: Untagged
  m_Icon: {fileID: 0}
  m_NavMeshLayer: 0
  m_StaticEditorFlags: 0
  m_IsActive: 1
--- !u!1 &178200
GameObject:
  m_ObjectHideFlags: 1
  m_PrefabParentObject: {fileID: 0}
  m_PrefabInternal: {fileID: 100100000}
  serializedVersion: 4
  m_Component:
  - 4: {fileID: 467690}
  m_Layer: 0
  m_Name: Bone.002
  m_TagString: Untagged
  m_Icon: {fileID: 0}
  m_NavMeshLayer: 0
  m_StaticEditorFlags: 0
  m_IsActive: 1
--- !u!1 &178404
GameObject:
  m_ObjectHideFlags: 1
  m_PrefabParentObject: {fileID: 0}
  m_PrefabInternal: {fileID: 100100000}
  serializedVersion: 4
  m_Component:
  - 4: {fileID: 476364}
  m_Layer: 0
  m_Name: Bone.012
  m_TagString: Untagged
  m_Icon: {fileID: 0}
  m_NavMeshLayer: 0
  m_StaticEditorFlags: 0
  m_IsActive: 1
--- !u!1 &184900
GameObject:
  m_ObjectHideFlags: 1
  m_PrefabParentObject: {fileID: 0}
  m_PrefabInternal: {fileID: 100100000}
  serializedVersion: 4
  m_Component:
  - 4: {fileID: 402590}
  m_Layer: 0
  m_Name: Bone.013
  m_TagString: Untagged
  m_Icon: {fileID: 0}
  m_NavMeshLayer: 0
  m_StaticEditorFlags: 0
  m_IsActive: 1
--- !u!1 &194082
GameObject:
  m_ObjectHideFlags: 1
  m_PrefabParentObject: {fileID: 0}
  m_PrefabInternal: {fileID: 100100000}
  serializedVersion: 4
  m_Component:
  - 4: {fileID: 447578}
  m_Layer: 0
  m_Name: Bone.005
  m_TagString: Untagged
  m_Icon: {fileID: 0}
  m_NavMeshLayer: 0
  m_StaticEditorFlags: 0
  m_IsActive: 1
--- !u!1 &195272
GameObject:
  m_ObjectHideFlags: 0
  m_PrefabParentObject: {fileID: 0}
  m_PrefabInternal: {fileID: 100100000}
  serializedVersion: 4
  m_Component:
  - 4: {fileID: 498262}
  m_Layer: 0
  m_Name: Armature
  m_TagString: Untagged
  m_Icon: {fileID: 0}
  m_NavMeshLayer: 0
  m_StaticEditorFlags: 0
  m_IsActive: 1
--- !u!1 &197734
GameObject:
  m_ObjectHideFlags: 1
  m_PrefabParentObject: {fileID: 0}
  m_PrefabInternal: {fileID: 100100000}
  serializedVersion: 4
  m_Component:
  - 4: {fileID: 435558}
  m_Layer: 0
  m_Name: Bone.006
  m_TagString: Untagged
  m_Icon: {fileID: 0}
  m_NavMeshLayer: 0
  m_StaticEditorFlags: 0
  m_IsActive: 1
--- !u!4 &402590
Transform:
  m_ObjectHideFlags: 1
  m_PrefabParentObject: {fileID: 0}
  m_PrefabInternal: {fileID: 100100000}
  m_GameObject: {fileID: 184900}
  m_LocalRotation: {x: 0.57919836, y: -0.062571496, z: 0.44703144, w: 0.67880553}
  m_LocalPosition: {x: 2.9641047, y: -0.005667769, z: -1.0378989}
  m_LocalScale: {x: 1, y: 1, z: 1}
  m_LocalEulerAnglesHint: {x: 50.03504, y: 35.88382, z: 77.94898}
  m_Children: []
  m_Father: {fileID: 498262}
  m_RootOrder: 12
--- !u!4 &403160
Transform:
  m_ObjectHideFlags: 1
  m_PrefabParentObject: {fileID: 0}
  m_PrefabInternal: {fileID: 100100000}
  m_GameObject: {fileID: 110070}
  m_LocalRotation: {x: -0.0830361, y: 0.63741547, z: 0.7269201, w: -0.24164788}
  m_LocalPosition: {x: -0.48149878, y: 0.03220412, z: -3.6506584}
  m_LocalScale: {x: 1, y: 1.0000001, z: 1}
  m_LocalEulerAnglesHint: {x: -62.445297, y: -67.957, z: -98.780594}
  m_Children: []
  m_Father: {fileID: 498262}
  m_RootOrder: 8
--- !u!4 &410486
Transform:
  m_ObjectHideFlags: 1
  m_PrefabParentObject: {fileID: 0}
  m_PrefabInternal: {fileID: 100100000}
  m_GameObject: {fileID: 130674}
  m_LocalRotation: {x: 0.19067803, y: -0.2179556, z: 0.76190543, w: 0.5793422}
  m_LocalPosition: {x: 1.1726918, y: -0.04257679, z: 1.7477212}
  m_LocalScale: {x: 0.99999976, y: 0.9999999, z: 1}
  m_LocalEulerAnglesHint: {x: 49.825897, y: 308.09723, z: 25.564346}
  m_Children: []
  m_Father: {fileID: 498262}
  m_RootOrder: 3
--- !u!4 &412720
Transform:
  m_ObjectHideFlags: 1
  m_PrefabParentObject: {fileID: 0}
  m_PrefabInternal: {fileID: 100100000}
  m_GameObject: {fileID: 116754}
  m_LocalRotation: {x: -0.4754451, y: -0.22818054, z: 0.5561113, w: 0.6423596}
  m_LocalPosition: {x: 2.974859, y: 0.032202825, z: 5.960022}
  m_LocalScale: {x: 1, y: 1.0000001, z: 1.0000001}
  m_LocalEulerAnglesHint: {x: 336.48813, y: 300.24207, z: 62.456135}
  m_Children: []
  m_Father: {fileID: 498262}
  m_RootOrder: 10
--- !u!4 &431378
Transform:
  m_ObjectHideFlags: 1
  m_PrefabParentObject: {fileID: 0}
  m_PrefabInternal: {fileID: 100100000}
  m_GameObject: {fileID: 100158}
  m_LocalRotation: {x: 0.19492872, y: -0.27630085, z: 0.08393515, w: 0.9373449}
  m_LocalPosition: {x: -0, y: 1, z: 0}
  m_LocalScale: {x: 0.9999999, y: 0.99999976, z: 0.99999994}
  m_LocalEulerAnglesHint: {x: 24.3188, y: -32.1749, z: 3.1223}
  m_Children: []
  m_Father: {fileID: 435140}
  m_RootOrder: 0
--- !u!4 &434520
Transform:
  m_ObjectHideFlags: 1
  m_PrefabParentObject: {fileID: 0}
  m_PrefabInternal: {fileID: 100100000}
  m_GameObject: {fileID: 145374}
  m_LocalRotation: {x: 0.00000005960464, y: 1, z: 0.000000038279747, w: 6.8182787e-10}
  m_LocalPosition: {x: -0.03764093, y: 0.01957264, z: -0.06670917}
  m_LocalScale: {x: 1.0000001, y: 1, z: 1}
  m_LocalEulerAnglesHint: {x: 0, y: -180, z: 0}
  m_Children: []
  m_Father: {fileID: 456834}
  m_RootOrder: 1
--- !u!4 &435140
Transform:
  m_ObjectHideFlags: 1
  m_PrefabParentObject: {fileID: 0}
  m_PrefabInternal: {fileID: 100100000}
  m_GameObject: {fileID: 113692}
  m_LocalRotation: {x: 0.7071068, y: 0, z: 0, w: 0.7071067}
  m_LocalPosition: {x: 0, y: 0, z: 0}
  m_LocalScale: {x: 1, y: 1, z: 1}
  m_LocalEulerAnglesHint: {x: 48.49098, y: 16.626823, z: 11.349326}
  m_Children:
  - {fileID: 431378}
  m_Father: {fileID: 498262}
  m_RootOrder: 0
--- !u!4 &435558
Transform:
  m_ObjectHideFlags: 1
  m_PrefabParentObject: {fileID: 0}
  m_PrefabInternal: {fileID: 100100000}
  m_GameObject: {fileID: 197734}
  m_LocalRotation: {x: 0.09486771, y: -0.35174134, z: 0.7254708, w: 0.5839266}
  m_LocalPosition: {x: 4.313768, y: 0.032203227, z: 3.0186334}
  m_LocalScale: {x: 0.9999999, y: 0.99999994, z: 1}
  m_LocalEulerAnglesHint: {x: 32.14113, y: 315.52142, z: 54.072945}
  m_Children: []
  m_Father: {fileID: 498262}
  m_RootOrder: 5
--- !u!4 &447578
Transform:
  m_ObjectHideFlags: 1
  m_PrefabParentObject: {fileID: 0}
  m_PrefabInternal: {fileID: 100100000}
  m_GameObject: {fileID: 194082}
  m_LocalRotation: {x: 0.2688657, y: -0.035938095, z: 0.65926874, w: 0.70127344}
  m_LocalPosition: {x: 1.140275, y: -0.04257665, z: 0.62885106}
  m_LocalScale: {x: 1.0000001, y: 0.9999999, z: 1}
  m_LocalEulerAnglesHint: {x: 54.331455, y: 335.48624, z: 37.039295}
  m_Children: []
  m_Father: {fileID: 498262}
  m_RootOrder: 4
--- !u!4 &452784
Transform:
  m_ObjectHideFlags: 1
  m_PrefabParentObject: {fileID: 0}
  m_PrefabInternal: {fileID: 100100000}
  m_GameObject: {fileID: 163068}
  m_LocalRotation: {x: -0.76278424, y: 0.108344026, z: -0.18713117, w: 0.609429}
  m_LocalPosition: {x: -0.37130415, y: -0.042576887, z: 2.4137716}
  m_LocalScale: {x: 0.9999998, y: 0.99999976, z: 0.99999976}
  m_LocalEulerAnglesHint: {x: 327.65784, y: 69.54646, z: 298.79596}
  m_Children: []
  m_Father: {fileID: 498262}
  m_RootOrder: 2
--- !u!4 &456834
Transform:
  m_ObjectHideFlags: 1
  m_PrefabParentObject: {fileID: 0}
  m_PrefabInternal: {fileID: 100100000}
  m_GameObject: {fileID: 120188}
  m_LocalRotation: {x: 0, y: 0, z: 0, w: 1}
  m_LocalPosition: {x: 1.6, y: -47.3, z: 204.8}
  m_LocalScale: {x: 20.152567, y: 20.152576, z: 20.152576}
  m_LocalEulerAnglesHint: {x: 0, y: 0, z: 0}
  m_Children:
  - {fileID: 498262}
  - {fileID: 434520}
  m_Father: {fileID: 0}
  m_RootOrder: 0
--- !u!4 &467690
Transform:
  m_ObjectHideFlags: 1
  m_PrefabParentObject: {fileID: 0}
  m_PrefabInternal: {fileID: 100100000}
  m_GameObject: {fileID: 178200}
  m_LocalRotation: {x: 0.5901126, y: 0.3869896, z: -0.5043066, w: 0.4976756}
  m_LocalPosition: {x: -1.3191189, y: -0.12220141, z: 1.0736972}
  m_LocalScale: {x: 0.99999976, y: 1, z: 0.99999994}
  m_LocalEulerAnglesHint: {x: 51.223747, y: 41.444942, z: 326.84622}
  m_Children: []
  m_Father: {fileID: 498262}
  m_RootOrder: 1
--- !u!4 &476364
Transform:
  m_ObjectHideFlags: 1
  m_PrefabParentObject: {fileID: 0}
  m_PrefabInternal: {fileID: 100100000}
  m_GameObject: {fileID: 178404}
  m_LocalRotation: {x: -0.14048012, y: 0.28544214, z: -0.7180342, w: 0.61904365}
  m_LocalPosition: {x: -2.7879248, y: -0.005668342, z: 3.2154226}
  m_LocalScale: {x: 0.9999999, y: 0.9999999, z: 1}
  m_LocalEulerAnglesHint: {x: 5.244998, y: 31.31446, z: 337.3621}
  m_Children: []
  m_Father: {fileID: 498262}
  m_RootOrder: 11
--- !u!4 &484096
Transform:
  m_ObjectHideFlags: 1
  m_PrefabParentObject: {fileID: 0}
  m_PrefabInternal: {fileID: 100100000}
  m_GameObject: {fileID: 104338}
  m_LocalRotation: {x: 0.18877664, y: 0.47610942, z: 0.70687425, w: -0.4878647}
  m_LocalPosition: {x: -5.224364, y: 0.03220371, z: -0.59706056}
  m_LocalScale: {x: 1, y: 0.99999994, z: 0.99999994}
  m_LocalEulerAnglesHint: {x: -59.0141, y: -22.578999, z: -97.8838}
  m_Children: []
  m_Father: {fileID: 498262}
  m_RootOrder: 7
--- !u!4 &490794
Transform:
  m_ObjectHideFlags: 1
  m_PrefabParentObject: {fileID: 0}
  m_PrefabInternal: {fileID: 100100000}
  m_GameObject: {fileID: 137634}
  m_LocalRotation: {x: 0.06471446, y: 0.56417453, z: 0.7287797, w: -0.3826217}
  m_LocalPosition: {x: -3.3357496, y: 0.032204024, z: -2.9350295}
  m_LocalScale: {x: 1, y: 0.9999999, z: 1.0000001}
  m_LocalEulerAnglesHint: {x: 299.90482, y: 296.97873, z: 281.08676}
  m_Children: []
  m_Father: {fileID: 498262}
  m_RootOrder: 9
--- !u!4 &490982
Transform:
  m_ObjectHideFlags: 1
  m_PrefabParentObject: {fileID: 0}
  m_PrefabInternal: {fileID: 100100000}
  m_GameObject: {fileID: 149684}
  m_LocalRotation: {x: -0.24248166, y: -0.6038967, z: 0.6902973, w: 0.3162295}
  m_LocalPosition: {x: 0.57115614, y: 0.032202724, z: 6.762534}
  m_LocalScale: {x: 1.0000001, y: 0.99999994, z: 1.0000001}
  m_LocalEulerAnglesHint: {x: 9.206571, y: 277.59866, z: 34.277794}
  m_Children: []
  m_Father: {fileID: 498262}
  m_RootOrder: 6
--- !u!4 &498262
Transform:
  m_ObjectHideFlags: 1
  m_PrefabParentObject: {fileID: 0}
  m_PrefabInternal: {fileID: 100100000}
  m_GameObject: {fileID: 195272}
  m_LocalRotation: {x: 0.6746328, y: -0.21182644, z: -0.21182646, w: 0.674633}
  m_LocalPosition: {x: 0.1758586, y: 0.35176373, z: -0.031480744}
  m_LocalScale: {x: 0.2497917, y: 0.24979171, z: 0.24979171}
  m_LocalEulerAnglesHint: {x: 55.1367, y: -90, z: -90}
  m_Children:
  - {fileID: 435140}
  - {fileID: 467690}
  - {fileID: 452784}
  - {fileID: 410486}
  - {fileID: 447578}
  - {fileID: 435558}
  - {fileID: 490982}
  - {fileID: 484096}
  - {fileID: 403160}
  - {fileID: 490794}
  - {fileID: 412720}
  - {fileID: 476364}
  - {fileID: 402590}
  m_Father: {fileID: 456834}
  m_RootOrder: 0
--- !u!65 &6535938
BoxCollider:
  m_ObjectHideFlags: 1
  m_PrefabParentObject: {fileID: 0}
  m_PrefabInternal: {fileID: 100100000}
  m_GameObject: {fileID: 120188}
  m_Material: {fileID: 0}
  m_IsTrigger: 0
  m_Enabled: 1
  serializedVersion: 2
  m_Size: {x: 2.9679608, y: 1.7054023, z: 0.2639283}
  m_Center: {x: -0.012778744, y: 1.1705567, z: -0.04089287}
--- !u!65 &6547198
BoxCollider:
  m_ObjectHideFlags: 1
  m_PrefabParentObject: {fileID: 0}
  m_PrefabInternal: {fileID: 100100000}
  m_GameObject: {fileID: 120188}
  m_Material: {fileID: 0}
  m_IsTrigger: 1
  m_Enabled: 1
  serializedVersion: 2
  m_Size: {x: 0.57477933, y: 0.46270755, z: 0.26163292}
  m_Center: {x: -0.014833402, y: 0.09064777, z: -0.042850893}
--- !u!65 &6547614
BoxCollider:
  m_ObjectHideFlags: 1
  m_PrefabParentObject: {fileID: 0}
  m_PrefabInternal: {fileID: 100100000}
  m_GameObject: {fileID: 120188}
  m_Material: {fileID: 0}
  m_IsTrigger: 0
  m_Enabled: 1
  serializedVersion: 2
  m_Size: {x: 1.1942354, y: 0.46328238, z: 0.26393145}
  m_Center: {x: -0.8996419, y: 0.08945335, z: -0.04089287}
--- !u!65 &6565456
BoxCollider:
  m_ObjectHideFlags: 1
  m_PrefabParentObject: {fileID: 0}
  m_PrefabInternal: {fileID: 100100000}
  m_GameObject: {fileID: 120188}
  m_Material: {fileID: 0}
  m_IsTrigger: 0
  m_Enabled: 1
  serializedVersion: 2
  m_Size: {x: 1.1942354, y: 0.46328238, z: 0.26393145}
  m_Center: {x: 0.87, y: 0.08945335, z: -0.04089287}
--- !u!65 &6583440
BoxCollider:
  m_ObjectHideFlags: 1
  m_PrefabParentObject: {fileID: 0}
  m_PrefabInternal: {fileID: 100100000}
  m_GameObject: {fileID: 120188}
  m_Material: {fileID: 0}
  m_IsTrigger: 0
  m_Enabled: 1
  serializedVersion: 2
  m_Size: {x: 2.9603558, y: 1.9828873, z: 0.25642073}
  m_Center: {x: -0.015366445, y: -1.1305538, z: -0.04608928}
--- !u!95 &9586132
Animator:
  serializedVersion: 3
  m_ObjectHideFlags: 1
  m_PrefabParentObject: {fileID: 0}
  m_PrefabInternal: {fileID: 100100000}
  m_GameObject: {fileID: 120188}
  m_Enabled: 1
  m_Avatar: {fileID: 9000000, guid: e150f2ea32a67ca419744ba8c9c786a7, type: 3}
  m_Controller: {fileID: 9100000, guid: 19ac44bcd7ebea44caf9b0599b34ba63, type: 2}
  m_CullingMode: 1
  m_UpdateMode: 0
  m_ApplyRootMotion: 0
  m_LinearVelocityBlending: 0
  m_WarningMessage: 
  m_HasTransformHierarchy: 1
  m_AllowConstantClipSamplingOptimization: 1
--- !u!114 &11400070
MonoBehaviour:
  m_ObjectHideFlags: 1
  m_PrefabParentObject: {fileID: 0}
  m_PrefabInternal: {fileID: 100100000}
  m_GameObject: {fileID: 120188}
  m_Enabled: 1
  m_EditorHideFlags: 0
  m_Script: {fileID: 11500000, guid: 785bb55b1473ac543946ca335105c851, type: 3}
  m_Name: 
  m_EditorClassIdentifier: 
  animator: {fileID: 9586132}
--- !u!114 &11436738
MonoBehaviour:
  m_ObjectHideFlags: 1
  m_PrefabParentObject: {fileID: 0}
  m_PrefabInternal: {fileID: 100100000}
  m_GameObject: {fileID: 120188}
  m_Enabled: 1
  m_EditorHideFlags: 0
  m_Script: {fileID: 11500000, guid: 50f4e378400d2804d81ca9e0beaeb102, type: 3}
  m_Name: 
  m_EditorClassIdentifier: 
  OnPlayerTrigger:
    m_PersistentCalls:
      m_Calls:
      - m_Target: {fileID: 11400070}
        m_MethodName: SetTrigger
        m_Mode: 5
        m_Arguments:
          m_ObjectArgument: {fileID: 0}
          m_ObjectArgumentAssemblyTypeName: UnityEngine.Object, UnityEngine
          m_IntArgument: 0
          m_FloatArgument: 0
          m_StringArgument: Tear
          m_BoolArgument: 0
        m_CallState: 2
    m_TypeName: UnityEngine.Events.UnityEvent, UnityEngine, Version=0.0.0.0, Culture=neutral,
      PublicKeyToken=null
--- !u!114 &11446092
MonoBehaviour:
  m_ObjectHideFlags: 1
  m_PrefabParentObject: {fileID: 0}
  m_PrefabInternal: {fileID: 100100000}
  m_GameObject: {fileID: 120188}
  m_Enabled: 1
  m_EditorHideFlags: 0
  m_Script: {fileID: 11500000, guid: 70341fdd7c87b384db37d9b8ffb20b1c, type: 3}
  m_Name: 
  m_EditorClassIdentifier: 
--- !u!137 &13712278
SkinnedMeshRenderer:
  m_ObjectHideFlags: 1
  m_PrefabParentObject: {fileID: 0}
  m_PrefabInternal: {fileID: 100100000}
  m_GameObject: {fileID: 145374}
  m_Enabled: 1
  m_CastShadows: 1
  m_ReceiveShadows: 1
  m_Materials:
  - {fileID: 2100000, guid: 652603438c69e7f4b96c1d5338de25be, type: 2}
  m_SubsetIndices: 
  m_StaticBatchRoot: {fileID: 0}
  m_UseLightProbes: 1
  m_ReflectionProbeUsage: 1
  m_ProbeAnchor: {fileID: 0}
  m_ScaleInLightmap: 1
  m_PreserveUVs: 0
  m_IgnoreNormalsForChartDetection: 0
  m_ImportantGI: 0
  m_MinimumChartSize: 4
  m_AutoUVMaxDistance: 0.5
  m_AutoUVMaxAngle: 89
  m_LightmapParameters: {fileID: 0}
  m_SortingLayerID: 0
  m_SortingOrder: 0
  serializedVersion: 2
  m_Quality: 0
  m_UpdateWhenOffscreen: 0
  m_Mesh: {fileID: 4300000, guid: e150f2ea32a67ca419744ba8c9c786a7, type: 3}
  m_Bones:
  - {fileID: 435140}
  - {fileID: 431378}
  - {fileID: 467690}
  - {fileID: 452784}
  - {fileID: 410486}
  - {fileID: 447578}
  - {fileID: 435558}
  - {fileID: 490982}
  - {fileID: 484096}
  - {fileID: 403160}
  - {fileID: 490794}
  - {fileID: 412720}
  - {fileID: 476364}
  - {fileID: 402590}
  m_BlendShapeWeights: []
  m_RootBone: {fileID: 435140}
  m_AABB:
    m_Center: {x: -0.17832947, y: 1.6466656, z: 0.044079304}
    m_Extent: {x: 9.928328, y: 10.064351, z: 5.6555343}
  m_DirtyAABB: 0
--- !u!1001 &100100000
Prefab:
  m_ObjectHideFlags: 1
  serializedVersion: 2
  m_Modification:
    m_TransformParent: {fileID: 0}
    m_Modifications: []
    m_RemovedComponents: []
  m_ParentPrefab: {fileID: 0}
  m_RootGameObject: {fileID: 120188}
  m_IsPrefabParent: 1
