%YAML 1.1
%TAG !u! tag:unity3d.com,2011:
--- !u!1 &108188
GameObject:
  m_ObjectHideFlags: 1
  m_PrefabParentObject: {fileID: 0}
  m_PrefabInternal: {fileID: 100100000}
  serializedVersion: 4
  m_Component:
  - 4: {fileID: 444450}
  m_Layer: 0
  m_Name: bas2
  m_TagString: Untagged
  m_Icon: {fileID: 0}
  m_NavMeshLayer: 0
  m_StaticEditorFlags: 0
  m_IsActive: 1
--- !u!1 &115220
GameObject:
  m_ObjectHideFlags: 0
  m_PrefabParentObject: {fileID: 0}
  m_PrefabInternal: {fileID: 100100000}
  serializedVersion: 4
  m_Component:
  - 4: {fileID: 499636}
  - 111: {fileID: 11117636}
  - 114: {fileID: 11483236}
  m_Layer: 0
  m_Name: herbe1 (1)
  m_TagString: Untagged
  m_Icon: {fileID: 0}
  m_NavMeshLayer: 0
  m_StaticEditorFlags: 0
  m_IsActive: 1
--- !u!1 &121368
GameObject:
  m_ObjectHideFlags: 1
  m_PrefabParentObject: {fileID: 0}
  m_PrefabInternal: {fileID: 100100000}
  serializedVersion: 4
  m_Component:
  - 4: {fileID: 478920}
  m_Layer: 0
  m_Name: milieu3
  m_TagString: Untagged
  m_Icon: {fileID: 0}
  m_NavMeshLayer: 0
  m_StaticEditorFlags: 0
  m_IsActive: 1
--- !u!1 &125186
GameObject:
  m_ObjectHideFlags: 1
  m_PrefabParentObject: {fileID: 0}
  m_PrefabInternal: {fileID: 100100000}
  serializedVersion: 4
  m_Component:
  - 4: {fileID: 457956}
  m_Layer: 0
  m_Name: bas 1
  m_TagString: Untagged
  m_Icon: {fileID: 0}
  m_NavMeshLayer: 0
  m_StaticEditorFlags: 0
  m_IsActive: 1
--- !u!1 &129248
GameObject:
  m_ObjectHideFlags: 0
  m_PrefabParentObject: {fileID: 0}
  m_PrefabInternal: {fileID: 100100000}
  serializedVersion: 4
  m_Component:
  - 4: {fileID: 414234}
  - 137: {fileID: 13756144}
  m_Layer: 0
  m_Name: Plane.002
  m_TagString: Untagged
  m_Icon: {fileID: 0}
  m_NavMeshLayer: 0
  m_StaticEditorFlags: 0
  m_IsActive: 1
--- !u!1 &129966
GameObject:
  m_ObjectHideFlags: 1
  m_PrefabParentObject: {fileID: 0}
  m_PrefabInternal: {fileID: 100100000}
  serializedVersion: 4
  m_Component:
  - 4: {fileID: 428170}
  m_Layer: 0
  m_Name: milieu 1
  m_TagString: Untagged
  m_Icon: {fileID: 0}
  m_NavMeshLayer: 0
  m_StaticEditorFlags: 0
  m_IsActive: 1
--- !u!1 &140398
GameObject:
  m_ObjectHideFlags: 1
  m_PrefabParentObject: {fileID: 0}
  m_PrefabInternal: {fileID: 100100000}
  serializedVersion: 4
  m_Component:
  - 4: {fileID: 493816}
  m_Layer: 0
  m_Name: top3
  m_TagString: Untagged
  m_Icon: {fileID: 0}
  m_NavMeshLayer: 0
  m_StaticEditorFlags: 0
  m_IsActive: 1
--- !u!1 &142686
GameObject:
  m_ObjectHideFlags: 1
  m_PrefabParentObject: {fileID: 0}
  m_PrefabInternal: {fileID: 100100000}
  serializedVersion: 4
  m_Component:
  - 4: {fileID: 432366}
  m_Layer: 0
  m_Name: milieu2
  m_TagString: Untagged
  m_Icon: {fileID: 0}
  m_NavMeshLayer: 0
  m_StaticEditorFlags: 0
  m_IsActive: 1
--- !u!1 &168810
GameObject:
  m_ObjectHideFlags: 0
  m_PrefabParentObject: {fileID: 0}
  m_PrefabInternal: {fileID: 100100000}
  serializedVersion: 4
  m_Component:
  - 4: {fileID: 437128}
  m_Layer: 0
  m_Name: Armature
  m_TagString: Untagged
  m_Icon: {fileID: 0}
  m_NavMeshLayer: 0
  m_StaticEditorFlags: 0
  m_IsActive: 1
--- !u!1 &182268
GameObject:
  m_ObjectHideFlags: 1
  m_PrefabParentObject: {fileID: 0}
  m_PrefabInternal: {fileID: 100100000}
  serializedVersion: 4
  m_Component:
  - 4: {fileID: 463612}
  m_Layer: 0
  m_Name: top2
  m_TagString: Untagged
  m_Icon: {fileID: 0}
  m_NavMeshLayer: 0
  m_StaticEditorFlags: 0
  m_IsActive: 1
--- !u!1 &190222
GameObject:
  m_ObjectHideFlags: 1
  m_PrefabParentObject: {fileID: 0}
  m_PrefabInternal: {fileID: 100100000}
  serializedVersion: 4
  m_Component:
  - 4: {fileID: 492642}
  m_Layer: 0
  m_Name: bas3
  m_TagString: Untagged
  m_Icon: {fileID: 0}
  m_NavMeshLayer: 0
  m_StaticEditorFlags: 0
  m_IsActive: 1
--- !u!1 &191362
GameObject:
  m_ObjectHideFlags: 1
  m_PrefabParentObject: {fileID: 0}
  m_PrefabInternal: {fileID: 100100000}
  serializedVersion: 4
  m_Component:
  - 4: {fileID: 463516}
  m_Layer: 0
  m_Name: top 1
  m_TagString: Untagged
  m_Icon: {fileID: 0}
  m_NavMeshLayer: 0
  m_StaticEditorFlags: 0
  m_IsActive: 1
--- !u!4 &414234
Transform:
  m_ObjectHideFlags: 1
  m_PrefabParentObject: {fileID: 0}
  m_PrefabInternal: {fileID: 100100000}
  m_GameObject: {fileID: 129248}
  m_LocalRotation: {x: -4.32978e-17, y: 0.7071067, z: 0.7071068, w: -4.3297806e-17}
  m_LocalPosition: {x: 0, y: 0, z: 0}
  m_LocalScale: {x: 1, y: 1, z: 1}
  m_LocalEulerAnglesHint: {x: -89.980194, y: -180, z: 0}
  m_Children: []
  m_Father: {fileID: 499636}
  m_RootOrder: 1
--- !u!4 &428170
Transform:
  m_ObjectHideFlags: 1
  m_PrefabParentObject: {fileID: 0}
  m_PrefabInternal: {fileID: 100100000}
  m_GameObject: {fileID: 129966}
  m_LocalRotation: {x: 0.033453163, y: -0.3417506, z: 0.08350415, w: 0.9354756}
  m_LocalPosition: {x: -0.000000011175871, y: 2.3696103, z: 0.00000039767474}
  m_LocalScale: {x: 1, y: 0.99999994, z: 1}
  m_LocalEulerAnglesHint: {x: 6.8726997, y: -39.6725, z: 7.72}
  m_Children:
  - {fileID: 463516}
  m_Father: {fileID: 457956}
  m_RootOrder: 0
--- !u!4 &432366
Transform:
  m_ObjectHideFlags: 1
  m_PrefabParentObject: {fileID: 0}
  m_PrefabInternal: {fileID: 100100000}
  m_GameObject: {fileID: 142686}
  m_LocalRotation: {x: -0.015211849, y: -0.3417346, z: 0.100870766, w: 0.9342436}
  m_LocalPosition: {x: -0.0000000661239, y: 2.7132561, z: -0.00000023003668}
  m_LocalScale: {x: 1, y: 1.0000001, z: 1.0000001}
  m_LocalEulerAnglesHint: {x: 2.3222, y: -39.9503, z: 11.480599}
  m_Children:
  - {fileID: 463612}
  m_Father: {fileID: 444450}
  m_RootOrder: 0
--- !u!4 &437128
Transform:
  m_ObjectHideFlags: 1
  m_PrefabParentObject: {fileID: 0}
  m_PrefabInternal: {fileID: 100100000}
  m_GameObject: {fileID: 168810}
  m_LocalRotation: {x: -4.32978e-17, y: 0.7071067, z: 0.7071068, w: -4.3297806e-17}
  m_LocalPosition: {x: 2.2217207, y: 0.03672265, z: 1.3770994}
  m_LocalScale: {x: 1, y: 1, z: 1}
  m_LocalEulerAnglesHint: {x: -89.980194, y: -180, z: 0}
  m_Children:
  - {fileID: 457956}
  - {fileID: 444450}
  - {fileID: 492642}
  m_Father: {fileID: 499636}
  m_RootOrder: 0
--- !u!4 &444450
Transform:
  m_ObjectHideFlags: 1
  m_PrefabParentObject: {fileID: 0}
  m_PrefabInternal: {fileID: 100100000}
  m_GameObject: {fileID: 108188}
  m_LocalRotation: {x: 0.7180652, y: 0.04237122, z: -0.03981428, w: 0.6935431}
  m_LocalPosition: {x: 3.1959689, y: -1.4383988, z: 0.09080733}
  m_LocalScale: {x: 0.9999998, y: 0.9999998, z: 0.99999994}
  m_LocalEulerAnglesHint: {x: 88.002396, y: 177.3793, z: 170.7152}
  m_Children:
  - {fileID: 432366}
  m_Father: {fileID: 437128}
  m_RootOrder: 1
--- !u!4 &457956
Transform:
  m_ObjectHideFlags: 1
  m_PrefabParentObject: {fileID: 0}
  m_PrefabInternal: {fileID: 100100000}
  m_GameObject: {fileID: 125186}
  m_LocalRotation: {x: 0.69313157, y: 0.054011583, z: -0.04971135, w: 0.71706355}
  m_LocalPosition: {x: 1.1243315, y: -3.8878946, z: -0.026981518}
  m_LocalScale: {x: 1, y: 1, z: 1}
  m_LocalEulerAnglesHint: {x: 88.029594, y: 14.3932, z: 5.9799}
  m_Children:
  - {fileID: 428170}
  m_Father: {fileID: 437128}
  m_RootOrder: 0
--- !u!4 &463516
Transform:
  m_ObjectHideFlags: 1
  m_PrefabParentObject: {fileID: 0}
  m_PrefabInternal: {fileID: 100100000}
  m_GameObject: {fileID: 191362}
  m_LocalRotation: {x: 0.018331427, y: -0.3461819, z: -0.0007224422, w: 0.93798804}
  m_LocalPosition: {x: 0.00000014901161, y: 2.0218441, z: 0.000000050873496}
  m_LocalScale: {x: 1, y: 0.99999994, z: 1.0000001}
  m_LocalEulerAnglesHint: {x: 1.9420999, y: -40.528698, z: -0.80539995}
  m_Children: []
  m_Father: {fileID: 428170}
  m_RootOrder: 0
--- !u!4 &463612
Transform:
  m_ObjectHideFlags: 1
  m_PrefabParentObject: {fileID: 0}
  m_PrefabInternal: {fileID: 100100000}
  m_GameObject: {fileID: 182268}
  m_LocalRotation: {x: -0.0031803895, y: -0.34171146, z: -0.04990594, w: 0.9384736}
  m_LocalPosition: {x: -0, y: 2.0286567, z: 0}
  m_LocalScale: {x: 1, y: 1, z: 1.0000002}
  m_LocalEulerAnglesHint: {x: -2.2969, y: -39.9091, z: -5.2539997}
  m_Children: []
  m_Father: {fileID: 432366}
  m_RootOrder: 0
--- !u!4 &478920
Transform:
  m_ObjectHideFlags: 1
  m_PrefabParentObject: {fileID: 0}
  m_PrefabInternal: {fileID: 100100000}
  m_GameObject: {fileID: 121368}
  m_LocalRotation: {x: -0.019516775, y: -0.34045318, z: -0.0449485, w: 0.93898374}
  m_LocalPosition: {x: -0, y: 2.6087544, z: 0}
  m_LocalScale: {x: 1, y: 0.99999994, z: 1}
  m_LocalEulerAnglesHint: {x: -3.8565, y: -39.7212, z: -4.0878}
  m_Children:
  - {fileID: 493816}
  m_Father: {fileID: 492642}
  m_RootOrder: 0
--- !u!4 &492642
Transform:
  m_ObjectHideFlags: 1
  m_PrefabParentObject: {fileID: 0}
  m_PrefabInternal: {fileID: 100100000}
  m_GameObject: {fileID: 190222}
  m_LocalRotation: {x: 0.7071068, y: 0, z: 0, w: 0.7071067}
  m_LocalPosition: {x: 0, y: 0, z: 0}
  m_LocalScale: {x: 1, y: 1, z: 1}
  m_LocalEulerAnglesHint: {x: 89.980194, y: 0, z: 0}
  m_Children:
  - {fileID: 478920}
  m_Father: {fileID: 437128}
  m_RootOrder: 2
--- !u!4 &493816
Transform:
  m_ObjectHideFlags: 1
  m_PrefabParentObject: {fileID: 0}
  m_PrefabInternal: {fileID: 100100000}
  m_GameObject: {fileID: 140398}
  m_LocalRotation: {x: -0.07170641, y: -0.35056877, z: 0.011513971, w: 0.9337169}
  m_LocalPosition: {x: -0, y: 2.0035963, z: 0}
  m_LocalScale: {x: 1.0000001, y: 1.0000001, z: 1}
  m_LocalEulerAnglesHint: {x: -7.2289, y: -41.42, z: 4.1491}
  m_Children: []
  m_Father: {fileID: 478920}
  m_RootOrder: 0
--- !u!4 &499636
Transform:
  m_ObjectHideFlags: 1
  m_PrefabParentObject: {fileID: 0}
  m_PrefabInternal: {fileID: 100100000}
  m_GameObject: {fileID: 115220}
  m_LocalRotation: {x: 0, y: 0, z: 0, w: 1}
  m_LocalPosition: {x: -27.81591, y: -51.521484, z: 16.069702}
  m_LocalScale: {x: 1, y: 1, z: 1}
  m_LocalEulerAnglesHint: {x: 0, y: 0, z: 0}
  m_Children:
  - {fileID: 437128}
  - {fileID: 414234}
  m_Father: {fileID: 0}
  m_RootOrder: 0
--- !u!111 &11117636
Animation:
  m_ObjectHideFlags: 1
  m_PrefabParentObject: {fileID: 0}
  m_PrefabInternal: {fileID: 100100000}
  m_GameObject: {fileID: 115220}
  m_Enabled: 1
  serializedVersion: 3
  m_Animation: {fileID: 7400000, guid: 64fce988a761e7a4885f7c80d8595587, type: 3}
  m_Animations:
  - {fileID: 7400000, guid: 64fce988a761e7a4885f7c80d8595587, type: 3}
  - {fileID: 7400002, guid: 64fce988a761e7a4885f7c80d8595587, type: 3}
  m_WrapMode: 0
  m_PlayAutomatically: 1
  m_AnimatePhysics: 0
  m_CullingType: 1
--- !u!114 &11483236
MonoBehaviour:
  m_ObjectHideFlags: 1
  m_PrefabParentObject: {fileID: 0}
  m_PrefabInternal: {fileID: 100100000}
  m_GameObject: {fileID: 115220}
  m_Enabled: 1
  m_EditorHideFlags: 0
  m_Script: {fileID: 11500000, guid: 71b016e8d8facbc469ea85b30695286f, type: 3}
  m_Name: 
  m_EditorClassIdentifier: 
  animator: {fileID: 11117636}
--- !u!137 &13756144
SkinnedMeshRenderer:
  m_ObjectHideFlags: 1
  m_PrefabParentObject: {fileID: 0}
  m_PrefabInternal: {fileID: 100100000}
  m_GameObject: {fileID: 129248}
  m_Enabled: 1
  m_CastShadows: 1
  m_ReceiveShadows: 1
  m_Materials:
  - {fileID: 2100000, guid: fe7740062ed528a46bd6605c9a68c9a9, type: 2}
  m_SubsetIndices: 
  m_StaticBatchRoot: {fileID: 0}
  m_UseLightProbes: 1
  m_ReflectionProbeUsage: 1
  m_ProbeAnchor: {fileID: 0}
  m_ScaleInLightmap: 1
  m_PreserveUVs: 0
  m_IgnoreNormalsForChartDetection: 0
  m_ImportantGI: 0
  m_MinimumChartSize: 4
  m_AutoUVMaxDistance: 0.5
  m_AutoUVMaxAngle: 89
  m_LightmapParameters: {fileID: 0}
  m_SortingLayerID: 0
  m_SortingOrder: 0
  serializedVersion: 2
  m_Quality: 0
  m_UpdateWhenOffscreen: 0
  m_Mesh: {fileID: 4300000, guid: 64fce988a761e7a4885f7c80d8595587, type: 3}
  m_Bones:
  - {fileID: 492642}
  - {fileID: 478920}
  - {fileID: 493816}
  - {fileID: 444450}
  - {fileID: 432366}
  - {fileID: 463612}
  - {fileID: 457956}
  - {fileID: 428170}
  - {fileID: 463516}
  m_BlendShapeWeights: []
  m_RootBone: {fileID: 457956}
  m_AABB:
    m_Center: {x: 0.45156205, y: 3.4355748, z: -1.7500675}
    m_Extent: {x: 2.8157487, y: 3.5964863, z: 2.9044964}
  m_DirtyAABB: 0
--- !u!1001 &100100000
Prefab:
  m_ObjectHideFlags: 1
  serializedVersion: 2
  m_Modification:
    m_TransformParent: {fileID: 0}
    m_Modifications: []
    m_RemovedComponents: []
  m_ParentPrefab: {fileID: 0}
  m_RootGameObject: {fileID: 115220}
  m_IsPrefabParent: 1
